:20:T089414086000001
:25:50880050/0194787400888
:28C:00004/00001
:60F:C070903EUR766656,49
:61:0709070904CR50990,05NTRFNONREF//0724710333343453
:86:166?00GUTSCHRIFT?100399?20EREF+EndToEndId TFNR 22 004?21 00001?22
SVWZ+Verw CTSc-01 BC-PPP TF?23Nr 22 004?30DRESDEFF508?31DE1450880
0500194785000?32KARL?33        KAUFMANN?70Empfaenger Marta Metzge
r
:61:0709070904CR154551,93NTRFNONREF//0724710324647450
:86:166?00GUTSCHRIFT?100399?20EREF+TFNR 0300300004?21SVWZ+Strukturier
ter Verwend?22ungszweck 30030004 DE?30DRESDEFF508?31DE03508800500
194791600?32Quentin Quast?70Empfaenger bei DRESDE mit 7?710 Zeich
en Empfaenger bei DR
:61:0709070904CR154551,93NTRFNONREF//0724710324661090
:86:166?00GUTSCHRIFT?100399?20EREF+TFNR 0500500004?21SVWZ+Strukturier
ter Verwend?22ungszweck 50050004 DE?30DRESDEFF508?31DE14508800500
194785000?32Karl Kaufmann?70Empfaenger bei DRESDE
:61:0709040904DR1500,00NTRFKREF+//536D80EFEC56ACF8
:86:191?00SEPA-UEBERW?100399?20KREF+TFNr 01022 MSGID CTSc-?2101 EBB?2
2MTLG:SEPA-Ueberweisungsauft?23rag Datei mit 0000001 Zahlu?24ngen
:62F:C070904EUR1125250,4
:64:C070904EUR559614,51
-
:20:T089414096000001
:25:50880050/0194791600888
:28C:00004/00001
:60F:D070903EUR1970431,87
:61:0709040904DR0,08NTRFTFNr 40001 MSGID//0724710345316116
:86:159?00RETOURE?100399?20EREF+TFNR 40001 00005?21MTLG:Grund nicht s
pezifizie?22rt Reject aus SEPA-Ueberwei?23sungsauftrag?34914
:61:0709040904CR335,33NTRFTFNr 44001 MSGID//0724710351063401
:86:159?00RETOURE?100399?20EREF+TFNR 44001 00001?21MTLG:Grund nicht s
pezifizie?22rt Reject aus SEPA-Ueberwei?23sungsauftrag?34914
:61:0709040904CR15000,NTRFTFNr 40001 MSGID//0724710345316110
:86:159?00RETOURE?100399?20EREF+TFNR 40001 00002?21MTLG:Grund nicht s
pezifizie?22rt Reject aus SEPA-Ueberwei?23sungsauftrag?34914
:61:0709040904CR15000,05NTRFNONREF//0724710290659857
:86:166?00GUTSCHRIFT?100399?20EREF+EndToEndIdTFNR20001000?2101?22SVWZ
+TO 13 TFNr 20001 Einga?23ngskanal Mint Unstrukturier?24ter Verwe
ndungszweck 140 Ze?25ichen Beginn Fuellzeichen x?26xxxxxxxxxxxxxx
xxxxxxxxxxxxx?27xxxxxxxxxx?30PBNKDEFF100?31DE42100100100043921105
?32Richter Renate 70 Zeichen B?33eginn Fuellzeichen xxxxxxxx?70Qu
entin Quast 70 Zeichen Be?71ginn Fuellzeichen xxxxxxxxx
:61:0709040904CR125004,88NTRFNONREF//0724710290624796
:86:166?00GUTSCHRIFT?100399?20SVWZ+TO13 TF20005 MINT?30PBNKDEFF100?31
DE42100100100043921105?32Richter Renate 70 Zeichen B?33eginn Fuel
lzeichen xxxxxxxx?70Quentin Quast 70 Zeichen Be?71ginn Fuellzeich
en xxxxxxxxx
:61:0709040904CR915311,55NTRFTFNr 44001 MSGID//R724710351063405
:86:159?00RETOURE?100399?20EREF+TFNR 44001 00002?21MTLG:IBAN unguelti
g Rueckue?22berweisung aus SEPA-Ueberwe?23isungsauftrag?34901
:61:0709040904DR3572569,03NMSCNONREF
:86:079?00SAMMLER?109800?200904059001
:62F:D070904EUR4472049,09
:64:D070904EUR4472049,09
-
