:20:T089414086000001
:25:50880050/0194787400888
:28C:00004/00001
:60F:C070903EUR766656,49
:61:0709070904CR50990,05NTRFNONREF//0724710333343453
:25:166?00GUTSCHRIFT?100399?20EREF+EndToEndId TFNR 22 004?21 00001?22
SVWZ+Verw CTSc-01 BC-PPP TF?23Nr 22 004?30DRESDEFF508?31DE1450880
0500194785000?32KARL?33        KAUFMANN?70Empfaenger Marta Metzge
r
:62F:C070904EUR1125250,4
:64:C070904EUR559614,51