:20:STAR1ÜTßUMS
:25:51230800/0000007055
:28C:00027/00001
:60F:C100318EUR380115,77
:61:1003190319CR27,00NTRF100323-03-100323//32-P1-TCS49518
:86:051?00Bank Transfer Credit?10930226?20QQW53T2245ZGY46J ABBUCH
UNG?21VOM PAYPAL-KONTO?22100318P3TX1433EV?3050070010?310175526300
?32PAYPAL?34000
:61:1003190319CR13068,30N051NONREF
:86:051?00Bank Transfer Credit?10991118?20BETTERPLACE WDB E?2108.
03.10-14.03.10?3051230800?319990437808?32WIRECARD BANK AG?34000
:61:1003190319DR193282,05N035NONREF
:86:035?00Zahlung m.Elektr.Unterschr.?10991132?20Belegloser Zahlu
ngsauftrag?21Erstellungsdatum:19.03.2010?22Anzahl Posten :      9
4?23Anw-Nr.: 69725563000?34540
:62F:C100319EUR199929,02
-
:20:STAR1ÜTUMS
:25:51230800/0000007304
:28C:00053/00001
:60F:C100318EUR130073,19
:61:1003220319CR1120,00N085NONREF
:86:085?00Zahlung m.Elektr.Unterschr.?10991135?20Belegloser Zahlu
ngsauftrag?21Überweisung:19.03.2010?22Anzahl Posten :
7?23Anw-Nr.: 69725663086?34540
:62F:C100319EUR131193,19
-
