:20:B4E08MS9D00A0009
:25:123456789
:28C:998/1
:60F:C140507EUR0,
:61:1405070507C500,NTRFNONREF//B4E07XM00J000023
:86:HIER EEN MOOIE OMSCHRIJVING IN HOOFDLETTERS
WANT DAT IS ZOALS DE NEDERLANDSE BANKEN COMMUNICEREN
:62F:C140508EUR500,
-
:20:B4G30MS9D00A003D
:25:123456789
:28C:999/1
:60F:C140729EUR3058,98
:61:1407290729D7260,NTRFNONREF//B4G29PGCVO7Q06US
:86:FACTUUR 201403110, 201403113
REK: NL65INGB0123456789/NAAM: PICQER
:61:1407290729C500NTRF29-07-2014 10:05//B4G29PGDCK1QFV3E
:86:12160475 0050001631430920 ORDERID: 264267 MEDIA MARKT ONLINE NE
REK: NL84INGB0234561789/NAAM: MMS ONLINE NEDERLAND B.V.
:62F:C140730EUR798,98
-
