:20:2014040708285927
:25:123456789
:28C:999/1
:60F:C131130CHF0,
:61:1312091209C79,7FMSC01916//NONREF
20131209007602198765432000000012
:86:GIRO AUS ONLINE-SIC 80532 AUFTRAGGEBER: JANE DOE EXAMPLESTRASSE
 10 1234 XXXX 131209CH98765432 MITTEILUNGEN: RECHNUNG XXXXXXXXXXXX
:61:1312091209C149,5FMSC01916//NONREF
20131209007602187654321000000012
:86:GIRO AUS ONLINE-SIC 81379 AUFTRAGGEBER: JOHN DOE EXAMPLESTRASSE
 12 1234 XXXXXXXXXX 131209CH87654321
:62M:C140407CHF229,2
-
:20:2014040708285928
:25:123456789
:28C:999/2
:60M:C140407CHF229,2
:61:1312161216D79,9FMSC01916//NONREF
20131216007602112345678000000012
:86:GIRO AUS ONLINE-SIC 80701 AUFTRAGGEBER: XXXXXXXXX XXX XXXXXXXXSTR
ASSE 111 1234 XXXXXXXXXXXX 131216CH12345678 MITTEILUNGEN: 1 SONNE
NGLAESER
:61:1312181218C10,1FMSC01651//NONREF
20131216816204000100125000000012
:86:EINZAHLUNGSSCHEIN
:62F:C140407CHF159,6
-
