:940:
:20:940S130101
:25:NL71RABO0123456789
:28C:0
:60F:C130101EUR000000001000,00
:61:130101D000000000025,00N102EREF            
NL70ABNA0987654321
:86:/EREF/01-01-2013 12:00 0030000987654321/BENM//NAME/CONTRA ACCOUN
T HOLDER/REMI//ISDT/2013-07-11
:61:130102D000000000010,00N154NONREF          
P001234567
:86:/BENM//NAME/JOHN DOE/REMI/Reference 201301234/ISDT/2013-01-02
:62F:C130108EUR000000000965,00
:20:940S130101
:25:NL71RABO0123456789
:28C:0
:60F:C130108EUR000000000965,00
:61:130108D000000000025,00N102EREF            
NL70ABNA0987654321
:86:/EREF/08-01-2013 12:00 0030000987654321/BENM//NAME/CONTRA ACCOUN
T HOLDER/REMI//ISDT/2013-07-11
:61:130109D000000000010,00N154NONREF          
P001234567
:86:/BENM//NAME/JOHN DOE/REMI/Reference 201301234/ISDT/2013-01-09
:62F:C130115EUR000000000930,00
