:20:0000000000
:25:0123456789
:28C:160/1
:60F:C120608EUR1234,56
:61:1206070608D20,00NIOB0987654321
marechal s
:86:0987654321 marechal s
                                                                 
dit is een test                                                  
                                                                 
                                                                 
:61:1206080608D5,00NIOB0987654321
marechal s
:86:0987654321 marechal s
                                                                 
dit is test 2                                                    
                                                                 
                                                                 
:62F:C120608EUR1209,56
-
:20:0000000000
:25:0123456789
:28C:161/1
:60F:C120609EUR1209,56
:62F:C120609EUR1209,56
-
