:20:1308728725026/1
:25:TRIODOSBANK/0390123456
:28:1
:60F:C110101EUR4975,09
:61:110101D15,70N000NONREF
:86:000>100987654321
>20ALGEMENE TUSSENREKENING KOS>21TEN VAN 01-10-2010 TOT EN M
>22ET 31-12-2010>310390123456
:61:110125D700,00N000NONREF
:86:000>100133967858
>20 HUUR>21 KANTOOR - FEB 2010
:62F:C110201EUR4370,79
-

