:20:asdfsdfdsf
:25:123456789
:28:1/1
:60F:C240312USD17376,67
:61:240312    DD212,39NMSCNONREF//
/ABC/DEF/MISCELLANEOUS
:86:/PT/FT/PY/SOMETHING FOO BAR          112233
   123456789
:61:240312    DD369,28NDEFNONREF//
/ABC/DEF/MISCELLANEOUS
:86:/PT/FT/PY/SOMETHING FOO BAR          112233
   123456789
:61:240312    CD0,00NDEFNONREF//
/ABC/DEF/C 37897,00 BAI CD 025
:61:240312    CD0,00NDEFNONREF//
/ABC/DEF/C 17376,67 BAI CD 010
:61:240312    DD561,08NDEFNONREF//
/ABC/DEF/MISCELLANEOUS
:86:/PT/FT/PY/SOMETHING FOO BAR          112233
   123456789
:62F:C240312USD16233,92
:64:C240312USD16233,92
-