:20:STARTUMS
:25:12345678/1020304050
:28C:0
:60F:C170914EUR12345,12
:61:170914D233,15NMSC
:86:105?00Basislastschrift?10931?20EREF+123/123/12345-----L110
?30BYLADEMM
?31DE99700500000000012345?32Finanzamt Muenchen Abteilun
?33g Erhebung?34992?60000000012345 BIC: BYLADEMM 
?61ABWA: Finanzamt Muenchen ?62ABWA+Finanzamt Muenchen 
?63Abteilung Erhebung
:62F:C170914EUR12345,98
-
