:20:STARTUMS
:25:12345678/1020304050
:28C:0
:60F:C170914EUR12345,12
:61:170914D233,15NMSC
:86:105?00Basislastschrift?10931?20EREF+123/123/12345-----L110
?211234567890123 ?22MREF+BYA12345678901
?23CRED+DE99ZZZ00000012345 ?24SVWZ+STEUERNR 123/123/12345
?25     KOERPST 3VJ.17  233,15?26EUR EREF: 123/123/12345----
?27-L1112345678912345 MREF: BY?28A12345678901 CRED: DE99ZZZ0
?290000012345 IBAN: DE00700500?30BYLADEMM
?31DE99700500000000012345?32Finanzamt Muenchen Abteilun
?33g Erhebung?34992?60000000012345 BIC: BYLADEMM 
?61ABWA: Finanzamt Muenchen ?62ABWA+Finanzamt Sentinel?
:62F:C170914EUR12345,98
-
