:20:BILMT940
:25:BILLLULLXXX/"NUMERO DE COMPTE IBAN 2"
:28:00115/001
:60F:C040802EUR16,40
:61:0408040804DR5,NTRFREFERENCE DO 111//MUL0408041114005
/OCMT/EUR4,5//IACC/D3/
:86:020?00VIREMENT111111111111111111X
?20LIGNE111111111111111111111X12345678
?21LIGNE222222222222222222222X12345678
?22LIGNE333333333333333333333X12345678
?23LIGNE444444444444444444444X12345678
?24LIGNE555555555555555555555X12345678
?25/CHGS/EUR0,5/
?26LIGNE777777777777777777777X12345678
?27LIGNE888888888888888888888X12345678
?28LIGNE999999999999999999999X12345678
?29LIGNE101010101010101010101X12345678
?30BILLLULL1234
?31NUMERO DE COMPTE01234567
?32NOM DU DO / BENEFICIAIRE 11
?33NOM DU DO / BENEFICIAIRE 22
?38NUMERO DE COMPTE IBAN 234567890123
?60NOM ET ADRESSE DO / BENEF 112345678
?61NOM ET ADRESSE DO / BENEF 212345678
?62NOM ET ADRESSE DO / BENEF 312345678
?63NOM ET ADRESSE DO / BENEF 412345678
?64NOM ET ADRESSE DO / BENEF 512345678
?65NOM ET ADRESSE DO / BENEF 612345678
:62F:C040804EUR11,40
:64:C040804EUR11,40
:86:FREE TEXT
FREE TEXT
FREE TEXT
FREE TEXT
FREE TEXT
FREE TEXT
-
:61:2212191220C119,NMSC341241773/1XXXXX//O/341241774
Paiement
