
:20:ST170119CYC/1
:25:PL29114010810000267002001002
:28C:1/1
:60F:C170119PLN0,40
:61:1701190119CN0,01NTRFNONREF//MB170119012058
911-TRANSAKCJA IPH
:86:911 TRANSAKCJA COLLECT; ID IPH: XX000000000001; Z RACH.: 
56114010810000267002001001; OD: JAN NOWAK  
UL. NIJAKA 1 M 2 31-234 KRAKOW; TYT.: PRZELEW SRODKOW   ; 
TNR: 179171073864111.010001
:61:1701190119CN0,01NTRFNONREF//MB170119012085
911-TRANSAKCJA IPH
:86:911 TRANSAKCJA COLLECT; ID IPH: XX000000000002; Z RACH.: 
56114010810000267002001001; OD: JAN NOWAK  
UL. NIJAKA 1 M 2 31-234 KRAKOW; TYT.: PRZELEW SRODKOW   ; 
TNR: 179171073864192.000001
:61:1701190119CN0,01NTRFNONREF//MB170119012121
911-TRANSAKCJA IPH
:86:911 TRANSAKCJA COLLECT; ID IPH: XX000000000003; Z RACH.: 
56114010810000267002001001; OD: JAN NOWAK  
UL. NIJAKA 1 M 2 31-234 KRAKOW; TYT.: PRZELEW SRODKOW   ; 
TNR: 179171073864291.000001
:62F:C170119PLN0,43
:64:C170119PLN0,43
-
