
:20:ST170201CYC/1
:25:PL29114010810000267002001002
:28C:3/1
:60F:C170201PLN0,46
:61:1702010201CN45,00NTRFNONREF//MB170201323000
911-TRANSAKCJA IPH
:86:911 TRANSAKCJA COLLECT; ID IPH: XX000002052409; Z RACH.: 
00000000000000000000000000; OD: AAAAAA AAAAAA  UL.AAAAAAAAAAA 27 
M.32 31-000 AAAAAA; TYT.: _FAKTURA VAT NR FVD-0000/02/2017  A 
AAAAA AAAAAA UL. AAAAAAAAAAA 220/22  ; TNR: 
179301073837502.000001
:61:1702010201CN44,00NTRFNONREF//MB170201327968
911-TRANSAKCJA IPH
:86:911 TRANSAKCJA COLLECT; ID IPH: XX000002052402; Z RACH.: 
00000000000000000000000000; OD: AAAAA AAAAAAAAA  UL.AAAAAAA 
AAAAAAAAAAAAA 22 31-000 AAAAAA; TYT.: AAAAAA AA AAAAAAAA   ; 
TNR: 179301073844398.000001
:62F:C170201PLN860,17
:64:C170201PLN860,17
-
