:20:1234567
:21:9876543210
:25:10020030/1234567
:28C:5/1
:60F:C021101EUR2187,95
:61:0211011102DR800,NSTONONREF//55555
:86:008?00DAUERAUFTRAG?100599?20Miete November?3010020030?31234567?32MUELLER?34339
:61:0211021102CR3000,NTRFNONREF//55555
:86:051?00ÜBERWEISUNG?100599?20Gehalt Oktob
er
?21Firma
Müstermann
GmbH?3050060400?31084756
4700?32MÜLLER?34339
:62F:C021131EUR4387,95

