{1:F01ASNBNL21XXXX0000000000}{2:O940ASNBNL21XXXXN}{3:}{4:
:20:0000000000
:25:NL81ASNB9999999999
:28C:1/1
:60F:C200101EUR444,29
:61:2001010101D65,00NOVBNL47INGB9999999999
hr gjlm paulissen
:86:NL47INGB9999999999 hr gjlm paulissen
                                                                 
Betaling sieraden                                                
                                                                 
                                                                 
                                                                 
:62F:C200101EUR379,29
-}{5:}
{1:F01ASNBNL21XXXX0000000000}{2:O940ASNBNL21XXXXN}{3:}{4:
:20:0000000000
:25:NL81ASNB9999999999
:28C:2/1
:60F:C200102EUR379,29
:62F:C200102EUR379,29
-}{5:}
{1:F01ASNBNL21XXXX0000000000}{2:O940ASNBNL21XXXXN}{3:}{4:
:20:0000000000
:25:NL81ASNB9999999999
:28C:3/1
:60F:C200103EUR379,29
:62F:C200103EUR379,29
-}{5:}
{1:F01ASNBNL21XXXX0000000000}{2:O940ASNBNL21XXXXN}{3:}{4:
:20:0000000000
:25:NL81ASNB9999999999
:28C:4/1
:60F:C200104EUR379,29
:62F:C200104EUR379,29
-}{5:}
{1:F01ASNBNL21XXXX0000000000}{2:O940ASNBNL21XXXXN}{3:}{4:
:20:0000000000
:25:NL81ASNB9999999999
:28C:5/1
:60F:C200105EUR379,29
:61:2001050105C1000,00NIOBNL56ASNB9999999999
paulissen g j l m
:86:NL56ASNB9999999999 paulissen g j l m
                                                                 
INTERNE OVERBOEKING VIA MOBIEL                                   
                                                                 
                                                                 
                                                                 
:61:2001050105D801,55NIDBNL08ABNA9999999999
international card services 
:86:NL08ABNA9999999999 international card services 
                                                                 
000000000000000000000000000000000 0000000000000000 Betaling aan I
CS 99999999999 ICS Referentie: 2020-01-05 19:47 000000000000000  
                                                                 
                                                                 
:62F:C200105EUR577,74
-}{5:}
{1:F01ASNBNL21XXXX0000000000}{2:O940ASNBNL21XXXXN}{3:}{4:
:20:0000000000
:25:NL81ASNB9999999999
:28C:6/1
:60F:C200106EUR577,74
:62F:C200106EUR577,74
-}{5:}
{1:F01ASNBNL21XXXX0000000000}{2:O940ASNBNL21XXXXN}{3:}{4:
:20:0000000000
:25:NL81ASNB9999999999
:28C:7/1
:60F:C200107EUR577,74
:62F:C200107EUR577,74
-}{5:}
{1:F01ASNBNL21XXXX0000000000}{2:O940ASNBNL21XXXXN}{3:}{4:
:20:0000000000
:25:NL81ASNB9999999999
:28C:8/1
:60F:C200108EUR577,74
:62F:C200108EUR577,74
-}{5:}
{1:F01ASNBNL21XXXX0000000000}{2:O940ASNBNL21XXXXN}{3:}{4:
:20:0000000000
:25:NL81ASNB9999999999
:28C:9/1
:60F:C200109EUR577,74
:62F:C200109EUR577,74
-}{5:}
{1:F01ASNBNL21XXXX0000000000}{2:O940ASNBNL21XXXXN}{3:}{4:
:20:0000000000
:25:NL81ASNB9999999999
:28C:10/1
:60F:C200110EUR577,74
:62F:C200110EUR577,74
-}{5:}
{1:F01ASNBNL21XXXX0000000000}{2:O940ASNBNL21XXXXN}{3:}{4:
:20:0000000000
:25:NL81ASNB9999999999
:28C:11/1
:60F:C200111EUR577,74
:62F:C200111EUR577,74
-}{5:}
{1:F01ASNBNL21XXXX0000000000}{2:O940ASNBNL21XXXXN}{3:}{4:
:20:0000000000
:25:NL81ASNB9999999999
:28C:12/1
:60F:C200112EUR577,74
:62F:C200112EUR577,74
-}{5:}
{1:F01ASNBNL21XXXX0000000000}{2:O940ASNBNL21XXXXN}{3:}{4:
:20:0000000000
:25:NL81ASNB9999999999
:28C:13/1
:60F:C200113EUR577,74
:62F:C200113EUR577,74
-}{5:}
{1:F01ASNBNL21XXXX0000000000}{2:O940ASNBNL21XXXXN}{3:}{4:
:20:0000000000
:25:NL81ASNB9999999999
:28C:14/1
:60F:C200114EUR577,74
:62F:C200114EUR577,74
-}{5:}
{1:F01ASNBNL21XXXX0000000000}{2:O940ASNBNL21XXXXN}{3:}{4:
:20:0000000000
:25:NL81ASNB9999999999
:28C:15/1
:60F:C200115EUR577,74
:62F:C200115EUR577,74
-}{5:}
{1:F01ASNBNL21XXXX0000000000}{2:O940ASNBNL21XXXXN}{3:}{4:
:20:0000000000
:25:NL81ASNB9999999999
:28C:16/1
:60F:C200116EUR577,74
:62F:C200116EUR577,74
-}{5:}
{1:F01ASNBNL21XXXX0000000000}{2:O940ASNBNL21XXXXN}{3:}{4:
:20:0000000000
:25:NL81ASNB9999999999
:28C:17/1
:60F:C200117EUR577,74
:62F:C200117EUR577,74
-}{5:}
{1:F01ASNBNL21XXXX0000000000}{2:O940ASNBNL21XXXXN}{3:}{4:
:20:0000000000
:25:NL81ASNB9999999999
:28C:18/1
:60F:C200118EUR577,74
:62F:C200118EUR577,74
-}{5:}
{1:F01ASNBNL21XXXX0000000000}{2:O940ASNBNL21XXXXN}{3:}{4:
:20:0000000000
:25:NL81ASNB9999999999
:28C:19/1
:60F:C200119EUR577,74
:62F:C200119EUR577,74
-}{5:}
{1:F01ASNBNL21XXXX0000000000}{2:O940ASNBNL21XXXXN}{3:}{4:
:20:0000000000
:25:NL81ASNB9999999999
:28C:20/1
:60F:C200120EUR577,74
:62F:C200120EUR577,74
-}{5:}
{1:F01ASNBNL21XXXX0000000000}{2:O940ASNBNL21XXXXN}{3:}{4:
:20:0000000000
:25:NL81ASNB9999999999
:28C:21/1
:60F:C200121EUR577,74
:62F:C200121EUR577,74
-}{5:}
{1:F01ASNBNL21XXXX0000000000}{2:O940ASNBNL21XXXXN}{3:}{4:
:20:0000000000
:25:NL81ASNB9999999999
:28C:22/1
:60F:C200122EUR577,74
:62F:C200122EUR577,74
-}{5:}
{1:F01ASNBNL21XXXX0000000000}{2:O940ASNBNL21XXXXN}{3:}{4:
:20:0000000000
:25:NL81ASNB9999999999
:28C:23/1
:60F:C200123EUR577,74
:62F:C200123EUR577,74
-}{5:}
{1:F01ASNBNL21XXXX0000000000}{2:O940ASNBNL21XXXXN}{3:}{4:
:20:0000000000
:25:NL81ASNB9999999999
:28C:24/1
:60F:C200124EUR577,74
:62F:C200124EUR577,74
-}{5:}
{1:F01ASNBNL21XXXX0000000000}{2:O940ASNBNL21XXXXN}{3:}{4:
:20:0000000000
:25:NL81ASNB9999999999
:28C:25/1
:60F:C200125EUR577,74
:61:2001250125D1,65NDIV
:86: 
                                                                 
Kosten gebruik betaalrekening inclusief 1 betaalpas              
                                                                 
                                                                 
                                                                 
:62F:C200125EUR576,09
-}{5:}
{1:F01ASNBNL21XXXX0000000000}{2:O940ASNBNL21XXXXN}{3:}{4:
:20:0000000000
:25:NL81ASNB9999999999
:28C:26/1
:60F:C200126EUR576,09
:62F:C200126EUR576,09
-}{5:}
{1:F01ASNBNL21XXXX0000000000}{2:O940ASNBNL21XXXXN}{3:}{4:
:20:0000000000
:25:NL81ASNB9999999999
:28C:27/1
:60F:C200127EUR576,09
:62F:C200127EUR576,09
-}{5:}
{1:F01ASNBNL21XXXX0000000000}{2:O940ASNBNL21XXXXN}{3:}{4:
:20:0000000000
:25:NL81ASNB9999999999
:28C:28/1
:60F:C200128EUR576,09
:62F:C200128EUR576,09
-}{5:}
{1:F01ASNBNL21XXXX0000000000}{2:O940ASNBNL21XXXXN}{3:}{4:
:20:0000000000
:25:NL81ASNB9999999999
:28C:29/1
:60F:C200129EUR576,09
:61:2001290129C828,72NOVBNL25INGB9999999999
transfer solutions bv
:86:NL25INGB9999999999 transfer solutions bv
                                                                 
2020-01-28T14:32:46-000000000000089-NL25INGB9999999999-Transfer S
olutions BV-DIVIDEND 28/01/2020                                  
                                                                 
                                                                 
:61:2001290129D1000,00NIDBNL08ABNA9999999999
international card services 
:86:NL08ABNA9999999999 international card services 
                                                                 
000000000000000000000000000000000 0000000000000000 Betaling aan I
CS 99999999999 ICS Referentie: 2020-01-29 18:36 000000000000000  
                                                                 
                                                                 
:62F:C200129EUR404,81
-}{5:}
{1:F01ASNBNL21XXXX0000000000}{2:O940ASNBNL21XXXXN}{3:}{4:
:20:0000000000
:25:NL81ASNB9999999999
:28C:30/1
:60F:C200130EUR404,81
:62F:C200130EUR404,81
-}{5:}
{1:F01ASNBNL21XXXX0000000000}{2:O940ASNBNL21XXXXN}{3:}{4:
:20:0000000000
:25:NL81ASNB9999999999
:28C:31/1
:60F:C200131EUR404,81
:61:2001310131C1000,18NIOBNL56ASNB9999999999
paulissen g j l m
:86:NL56ASNB9999999999 paulissen g j l m
                                                                 
INTERNE OVERBOEKING VIA MOBIEL                                   
                                                                 
                                                                 
                                                                 
:61:2001310131D903,76NIDBNL08ABNA9999999999
international card services 
:86:NL08ABNA9999999999 international card services 
                                                                 
000000000000000000000000000000000 0000000000000000 Betaling aan I
CS 99999999999 ICS Referentie: 2020-01-31 21:27 000000000000000  
                                                                 
                                                                 
:62F:C200131EUR501,23
-}{5:}
