0000 01INGBNL2AXXXX00001
0000 01INGBNL2AXXXX00001
940 00
:20:MPBZ
:25:0001234567
:28C:000
:60F:C100722EUR0,00
:61:100722D25,03NTRFNONREF
:86: RC AFREKENING BETALINGSVERKEER
BETREFT REKENING 4715589 PERIODE: 01-10-2010 / 31-12-2010
ING Bank N.V. tarifering ING
:61:100722D3,03NTRFNONREF
:86:0111111111 GPSEOUL SPOEDBETALING	MPBZS1016000047 GPSEOUL
:61:100722D1,11NTRFTMG TANGO
:86:0111111111 ING iDEAL KN: TMG TANGO TRANSACTIENR 0050000534527978 10足06足2010 15:32 TMG TANGO ING Bank inzake GPKyoto
:61:100722D20,00NTRFNONREF
:86: ABN AMRO BANK>AMSTERDAM 22足07足2010 09:57 002	5595781
:61:100722D1,10NTRFNONREF
:86:0111111111 GPPeking 170000001AC
:61:100722C3,68NTRFNONREF
:86:0123456789 EJ46GREENP100610T1456 CLIEOP TMG GPHONGKONG AMSTERDAM
:61:100723C1,00NTRFNONREF
:86:0111111111 Hr S Marechal
ROSMALEN Hr S Marechal ROSMALEN
Betaling transactiedatum: 22-07-2010
:62F:C100723EUR3,47
:86:D000004C000002D25,24C28,71
-XXX
